%% This BibTeX bibliography file was created using BibDesk.
%% https://bibdesk.sourceforge.io/

%% Created for cdellava at 2018-11-08 10:43:23 +0100 


%% Saved with string encoding Unicode (UTF-8) 



@article{CalvoPerthame,
	Author = {Juan Calvo Marie Doumic Benoit Perthame},
	Doi = {https://arxiv.org/pdf/1707.09777.pdf},
	Journal = {...},
	Month = {November},
	Title = {Long-time asymptotics for polymerization models},
	Year = {2018},
	Bdsk-Url-1 = {https://arxiv.org/pdf/1707.09777.pdf}}

@article{Niethammer,
	Author = {B. Niethammer and R.L. Pego},
	Journal = {J. Statist. Phys.},
	Number = {104},
	Pages = {5-6:1113–1144},
	Title = {The LSW model for domain coarsening: asymptotic behavior for conserved total mass},
	Year = {2001},
	Bdsk-Url-1 = {...}}

@book{JMCoron,
    author    = "Jean Michel Coron",
    title     = "Control and Nonlinearity",
    year      = "2007",
    publisher = "Mathematical Surveys and Monographs",
    volume   = "136"
}

@book{MKern,
    author    = "Michel Kern",
    title     = "Problèmes inverses : aspects numériques ",
    year      = "1999 à 2002",
    publisher = "École supérieure d’ingénieurs Léonard de Vinci",
}

@book{LBrivadis,
    author    = "Michel Kern",
    title     = "Rapport Final de Travail de Fin d’Études - Algorithme d’estimation pour une EDP hyperbolique décrivant un procédé de cristallisation ",
    year      = "2018",
    publisher = "École Centrale Lyon",
}