%% This BibTeX bibliography file was created using BibDesk.
%% https://bibdesk.sourceforge.io/

%% Created for cdellava at 2018-11-08 10:43:23 +0100 


%% Saved with string encoding Unicode (UTF-8) 

@article{AArmiento,
	Author = {Aurora Armiento Marie Doumic Philippe Moireau Human Rezaei},
	Doi = {https://hal.archives-ouvertes.fr/hal-01248255},
	Journal = {Journal of Theoretical Biology},
	Month = {December},
	Title = {Estimation from Moments Measurements for Amyloid
Depolymerisation},
	Year = {2015}}

@article{CalvoPerthame,
	Author = {Juan Calvo Marie Doumic Benoit Perthame},
	Doi = {https://arxiv.org/pdf/1707.09777.pdf},
	Journal = {...},
	Month = {November},
	Title = {Long-time asymptotics for polymerization models},
	Year = {2018},
	Bdsk-Url-1 = {https://arxiv.org/pdf/1707.09777.pdf}}
	
@article{Perthame,
	Author = {Benoit Perthame, Jorge Zubelli},
	Journal = {AMS Class},
	Month = {November},
	Title = {On the Inverse Problem for a Size-Structured Population Model},
	Year = {2006},
	}

@article{Niethammer,
	Author = {B. Niethammer and R.L. Pego},
	Doi = {...},
	Journal = {J. Statist. Phys.},
	Number = {104},
	Pages = {5-6:1113–1144},
	Title = {The LSW model for domain coarsening: asymptotic behavior for conserved total mass},
	Year = {2001},
	Bdsk-Url-1 = {...}}

@book{JMCoron,
    author    = "Jean Michel Coron",
    title     = "Control and Nonlinearity",
    year      = "2007",
    publisher = "Mathematical Surveys and Monographs",
    volume   = "136"
}

@book{SFliss,
    author    = "Anne-Sophie Bonnet-BenDhia, Sonia Fliss,
Patrick Joly et PhilippeMoireau",
    title     = "Introduction aux équations aux
dérivées partielles et à leur
approximation numérique",
    year      = "2012"
}

@book{LBrivadis,
    author    = "Lucas Brivadis",
    title     = "Algorithme d’estimation pour une EDP hyperbolique décrivant
un procédé de cristallisation",
    publisher = "Ecole Centrale Lyon"
}

%%%%%%%%%%%%%%%%%%%%%%%%%%%%%%%%%%%%%%%%%%%%%%%%%%%%%%%%%
%% NUMERICAL SCHEME

@article{BanksDoumic,
	Author = {H. T. Banks M. Doumic C. Kruse},
	Doi = {https://projects.ncsu.edu/crsc/reports/ftp/pdf/crsc-tr14-01.pdf},
	Journal = {CRSC-TR14-01},
	Month = {March},
	Note = {N.C. State University, Raleigh, NC},
	Title = {Efficient Numerical Schemes for Nucleation-Aggregation Models: Early Steps},
	Year = {2014},
	Bdsk-Url-1 = {https://projects.ncsu.edu/crsc/reports/ftp/pdf/crsc-tr14-01.pdf}}

@article{GoudonMonasse,
	Author = {T. Goudon L. Monasse},
	Journal = {Not published yet},
	Title = {Fokker--Planck approach of Ostwald ripening: simulation of a modified Lifschitz-Slyozov-Wagner system with a diffusive correction},
	Year = {2018}}

@article{JourdanMonasse,
	Author = {T. Jourdan G. Stoltz F. Legoll L. Monasse},
	Doi = {https://hal-cea.archives-ouvertes.fr/cea-01302986v2},
	Journal = {Computer Physics Communications},
	Month = {Nov},
	Number = {170},
	Title = {An accurate scheme to solve cluster dynamics equations using a Fokker-Planck approach},
	Volume = {Elsevier, 207},
	Year = {2016},
	Bdsk-Url-1 = {https://hal-cea.archives-ouvertes.fr/cea-01302986v2}}

@article{GoudonLagouttiere,
	Author = {T. Goudon F. Lagoutière L. M. Tine},
	Doi = {http://dx.doi.org/10.1142/S0218202513500061},
	Journal = {Mathematical Models and Methods in Applied Sciences},
	Number = {7},
	Pages = {1177--1215},
	Title = {Simulations of the Lifshitz-Slyosov equations: the role of coagulation terms in the asymptotic behavior},
	Volume = {23},
	Year = {2013},
	Bdsk-Url-1 = {http://dx.doi.org/10.1142/S0218202513500061}}

@phdthesis{SHariz,
	Address = {D{\'e}partement de Math{\'e}matiques, Laboratoire J.A> Dieudonn{\'e} UMR CNRS N6621},
	Author = {Sara Cecile Hariz},
	Month = {June},
	School = {Universit{\'e} de Nice-Sophia Antipolis},
	Title = {Une version modifi{\'e}e du mod{\`e}le de Lifshitz-Slyosov : Existence et unicit{\'e} de la solution, simulation num{\'e}rique.},
	Year = {1999}}

@article{ColletGoudon,
	Author = {J. F. Collet T. Goudon F. Poupaud A. Vasseur},
	Journal = {SIAM, J. Appl. Math.},
	Number = {5},
	Pages = {1488-1500},
	Title = {The Becker-D{\"o}ring system and its Lifshitz-Slyosov limit},
	Volume = {62},
	Year = {2002}}

@phdthesis{NFeyeux,
	Address = {D{\'e}partement de Math{\'e}matiques Appliqu{\'e}es},
	Author = {Nelson Feyeux},
	Month = {December},
	School = {Universit{\'e} de Genoble Alpes},
	Title = {Transport optimal pour l'assimila- tion de donn{\'e}es images.},
	Year = {2016}}
